***_Citas1
@book{albahari2021c,
  title={C\# 9.0 in a Nutshell},
  author={Albahari, Joseph},
  year={2021},
  publisher={" O'Reilly Media, Inc."}
}


%_Citas2
@article{schwichtenberg2018modern,
  title={Modern Data Access with Entity Framework Core},
  author={Schwichtenberg, Holger},
  journal={Apress, Essen, Germany},
  year={2018},
  publisher={Springer}
}


%_Citas3
@misc{ajcvickers2022Nov,
	author = {ajcvickers},
	title = {{Proveedores de bases de datos - EF Core}},
	year = {2022},
	month = nov,
	note = {[Online; accessed 21. Nov. 2022]},
	url = {https://learn.microsoft.com/es-es/ef/core/providers/?tabs=dotnet-core-cli}
}


%_Citas4
@misc{Jones2012Oct,
	author = {Jones, M. and Hardt, D.},
	title = {{The OAuth 2.0 Authorization Framework: Bearer Token Usage}},
	year = {2012},
	month = oct,
	issn = {2070-1721},
	note = {[Online; accessed 21. Nov. 2022]},
	doi = {10.17487/RFC6750}
}